@misc{RAMLA,
    author  ="Isidro Ros"
    title   ="Memoria RAM: qué es, por qué es importante y recomendaciones"
    url     ="https://www.muycomputer.com/2018/11/04/memoria-ram-que-es-recomendaciones/#:~:text=Una%20mayor%20velocidad%20permite%20realizar,una%20diferencia%20importante%20de%20rendimiento."
    month   =   {11}
    year    =   {2018}
}
    
@misc{Wikime,
    author    = "Wikipedia",
    title     = "Memoria(informática)",
    url       = "https://es.wikipedia.org/wiki/Memoria_(inform%C3%A1tica)",
    month = {7},
    year = {2020}
}


@misc{Tame,
    author    = "Dep.de Ing. Electrónica y Telecomunicaciones U.de.A",
    title     = "Nociones de la memoria del computador",
    url       = "https://www.google.com/url?sa=D&q=http://www.youbioit.com/es/article/shared-information/8714/como-funciona-la-memoria-de-una-computadora&ust=1599614640000000&usg=AOvVaw0JBhVX_4RAEW0b1cL2kv7I&hl=es",
}

@misc{Ram,
    author    = "José Antonio Castillo",
    title     = "Qué es la memoria RAM y cómo funciona",
    url       = "https://www.profesionalreview.com/2018/11/01/memoria-ram/",
}